@article{springerlink:10.1007/s11277-006-9238-z,
   author = {Chand, Narottam and Joshi, R. and Misra, Manoj},
   affiliation = {Indian Institute of Technology Department of Electronics and Computer Engineering Roorkee India},
   title = {Cooperative caching strategy in mobile ad hoc networks based on clusters},
   journal = {Wireless Personal Communications},
   publisher = {Springer Netherlands},
   issn = {0929-6212},
   keywords = {Engineering},
   pages = {41-63},
   volume = {43},
   number = {1},
   year = {2007}
}

@article{Chon:2003:RKN:942343.942352,
    author = {Chon, Hae Don and Agrawal, Divyakant and El Abbadi, Amr},
    title = {Range and kNN query processing for moving objects in grid model},
    journal = {Mobile Networks and Applications},
    volume = {8},
    number = {4},
    year = {2003},
    pages = {401--412},
    url = {http://dx.doi.org/10.1023/A:1024535730539},
    doi = {10.1023/A:1024535730539},
}




